@inproceedings{krantz, 
  author = {Steven G. Krantz}, 
  title = {Notices of the AMS}, 
  publisher = {American Mathematical Society}, 
  year = {2007}, 
} 

@inproceedings{chenhao,
  author = {Chenhao Tan and Lillian Lee},
  title = {A Corpus of Sentence-level Revisions in Academic Writing: A Step towards Understanding Statement Strength in Communication},
  year = {2014},
  booktitle = {Proceedings of ACL (short papers)}
}

@inproceedings{splitandrephrase,
    title = "Split and Rephrase",
    author = "Narayan, Shashi  and
      Gardent, Claire  and
      Cohen, Shay B.  and
      Shimorina, Anastasia",
    booktitle = "Proceedings of the 2017 Conference on Empirical Methods in Natural Language Processing",
    month = sep,
    year = "2017",
    address = "Copenhagen, Denmark",
    publisher = "Association for Computational Linguistics",
    url = "https://www.aclweb.org/anthology/D17-1064",
    doi = "10.18653/v1/D17-1064",
    pages = "606--616",
}

@InProceedings{wikiatomicedits,
  title = {{WikiAtomicEdits: A Multilingual Corpus of Wikipedia Edits for Modeling Language and Discourse}},
  author = {Faruqui, Manaal and Pavlick, Ellie and Tenney, Ian and Das, Dipanjan},
  booktitle = {Proc. of EMNLP},
  year = {2018}
}

@InProceedings{wikisplit,
  title = {{Learning To Split and Rephrase From Wikipedia Edit History}},
  author = {Botha, Jan A and Faruqui, Manaal and Alex, John and Baldridge, Jason and Das, Dipanjan},
  booktitle = {Proceedings of the 2018 Conference on Empirical Methods in Natural Language Processing},
  pages = {to appear},
  note = {arXiv preprint arXiv:1808.09468},
  year = {2018}
}

@InProceedings{stanfordnlp,
  author    = {Manning, Christopher D. and  Surdeanu, Mihai  and  Bauer, John  and  Finkel, Jenny  and  Bethard, Steven J. and  McClosky, David},
  title     = {The {Stanford} {CoreNLP} Natural Language Processing Toolkit},
  booktitle = {Association for Computational Linguistics (ACL) System Demonstrations},
  year      = {2014},
  pages     = {55--60},
  url       = {http://www.aclweb.org/anthology/P/P14/P14-5010}
}

@inproceedings{diyi,
author = {Yang, Diyi and Halfaker, Aaron and Kraut, Robert and Hovy, Eduard},
year = {2017},
month = {01},
pages = {2000-2010},
title = {Identifying Semantic Edit Intentions from Revisions in Wikipedia},
doi = {10.18653/v1/D17-1213}
}